@inproceedings{raychaudhuri2008introduction,
  title={Introduction to monte carlo simulation},
  author={Raychaudhuri, Samik},
  booktitle={2008 Winter simulation conference},
  pages={91--100},
  year={2008},
  organization={IEEE}
}

@article{bird1981monte,
  title={Monte-Carlo simulation in an engineering context},
  author={Bird, GA},
  journal={Progress in Astronautics and Aeronautics},
  volume={74},
  pages={239--255},
  year={1981}
}

@article{warshel1976theoretical,
  title={Theoretical studies of enzymic reactions: dielectric, electrostatic and steric stabilization of the carbonium ion in the reaction of lysozyme},
  author={Warshel, Arieh and Levitt, Michael},
  journal={Journal of molecular biology},
  volume={103},
  number={2},
  pages={227--249},
  year={1976},
  publisher={Elsevier}
}

@article{alder1957phase,
  title={Phase transition for a hard sphere system},
  author={Alder, Berni Julian and Wainwright, Thomas Everett},
  journal={The Journal of chemical physics},
  volume={27},
  number={5},
  pages={1208--1209},
  year={1957},
  publisher={American Institute of Physics}
}

@article{jones1924determination,
  title={On the determination of molecular fields.â€”II. From the equation of state of a gas},
  author={Jones, John Edward},
  journal={Proceedings of the Royal Society of London. Series A, Containing Papers of a Mathematical and Physical Character},
  volume={106},
  number={738},
  pages={463--477},
  year={1924},
  publisher={The Royal Society London}
}

@article{rahman1964correlations,
  title={Correlations in the motion of atoms in liquid argon},
  author={Rahman, Aneesur},
  journal={Physical review},
  volume={136},
  number={2A},
  pages={A405},
  year={1964},
  publisher={APS}
}

@article{mccammon1977dynamics,
  title={Dynamics of folded proteins},
  author={McCammon, J Andrew and Gelin, Bruce R and Karplus, Martin},
  journal={nature},
  volume={267},
  number={5612},
  pages={585--590},
  year={1977},
  publisher={Nature Publishing Group UK London}
}

@article{verlet1967computer,
  title={Computer" experiments" on classical fluids. I. Thermodynamical properties of Lennard-Jones molecules},
  author={Verlet, Loup},
  journal={Physical review},
  volume={159},
  number={1},
  pages={98},
  year={1967},
  publisher={APS}
}

@article{zhakhovskii2009molecular,
  title={Molecular dynamics simulation on stability of converging shocks},
  author={Zhakhovskii, V and Nishihara, K and Abe, M},
  journal={arXiv preprint arXiv:0904.3394},
  year={2009}
}

@article{schaller1997moore,
  title={Moore's law: past, present and future},
  author={Schaller, Robert R},
  journal={IEEE spectrum},
  volume={34},
  number={6},
  pages={52--59},
  year={1997},
  publisher={IEEE}
}

@article{moore1998cramming,
  title={Cramming more components onto integrated circuits},
  author={Moore, Gordon E},
  journal={Proceedings of the IEEE},
  volume={86},
  number={1},
  pages={82--85},
  year={1998},
  publisher={Ieee}
}

@article{tendler2002power4,
  title={POWER4 system microarchitecture},
  author={Tendler, Joel M and Dodson, J Steve and Fields, JS and Le, Hung and Sinharoy, Balaram},
  journal={IBM Journal of Research and Development},
  volume={46},
  number={1},
  pages={5--25},
  year={2002},
  publisher={IBM}
}

@article{arafa2019cascade,
  title={Cascade lake: Next generation intel xeon scalable processor},
  author={Arafa, Mohamed and Fahim, Bahaa and Kottapalli, Sailesh and Kumar, Akhilesh and Looi, Lily P and Mandava, Sreenivas and Rudoff, Andy and Steiner, Ian M and Valentine, Bob and Vedaraman, Geetha and others},
  journal={IEEE Micro},
  volume={39},
  number={2},
  pages={29--36},
  year={2019},
  publisher={IEEE}
}

@inproceedings{pham2005design,
  title={The design and implementation of a first-generation CELL processor},
  author={Pham, Dac and Asano, Shigehiro and Bolliger, Mark and Day, Michael N and Hofstee, H Peter and Johns, C and Kahle, J and Kameyama, Atsushi and Keaty, John and Masubuchi, Yoshio and others},
  booktitle={ISSCC. 2005 IEEE International Digest of Technical Papers. Solid-State Circuits Conference, 2005.},
  pages={184--592},
  year={2005},
  organization={IEEE}
}

@article{fu2016sunway,
  title={The Sunway TaihuLight supercomputer: system and applications},
  author={Fu, Haohuan and Liao, Junfeng and Yang, Jinzhe and Wang, Lanning and Song, Zhenya and Huang, Xiaomeng and Yang, Chao and Xue, Wei and Liu, Fangfang and Qiao, Fangli and others},
  journal={Science China Information Sciences},
  volume={59},
  pages={1--16},
  year={2016},
  publisher={Springer}
}

@inproceedings{yang201610m,
  title={10M-core scalable fully-implicit solver for nonhydrostatic atmospheric dynamics},
  author={Yang, Chao and Xue, Wei and Fu, Haohuan and You, Hongtao and Wang, Xinliang and Ao, Yulong and Liu, Fangfang and Gan, Lin and Xu, Ping and Wang, Lanning and others},
  booktitle={SC'16: Proceedings of the International Conference for High Performance Computing, Networking, Storage and Analysis},
  pages={57--68},
  year={2016},
  organization={IEEE}
}

@article{dongarra2016report,
  title={Report on the sunway taihulight system},
  author={Dongarra, Jack},
  journal={PDF). www. netlib. org. Retrieved June},
  volume={20},
  year={2016}
}

@article{lin2018evaluating,
  title={Evaluating the SW26010 many-core processor with a micro-benchmark suite for performance optimizations},
  author={Lin, James and Xu, Zhigeng and Cai, Linjin and Nukada, Akira and Matsuoka, Satoshi},
  journal={Parallel Computing},
  volume={77},
  pages={128--143},
  year={2018},
  publisher={Elsevier}
}

@book{rapaport2004art,
  title={The art of molecular dynamics simulation},
  author={Rapaport, Dennis C and Rapaport, Dennis C Rapaport},
  year={2004},
  publisher={Cambridge university press}
}

@article{su2007excited,
  title={Excited electron dynamics modeling of warm dense matter},
  author={Su, Julius T and Goddard III, William A},
  journal={Physical review letters},
  volume={99},
  number={18},
  pages={185003},
  year={2007},
  publisher={APS}
}

@article{jaramillo2011large,
  title={Large-scale, long-term nonadiabatic electron molecular dynamics for describing material properties and phenomena in extreme environments},
  author={Jaramillo-Botero, Andres and Su, Julius and Qi, An and Goddard III, William A},
  journal={Journal of computational chemistry},
  volume={32},
  number={3},
  pages={497--512},
  year={2011},
  publisher={Wiley Online Library}
}

@article{plimpton1995fast,
  title={Fast parallel algorithms for short-range molecular dynamics},
  author={Plimpton, Steve},
  journal={Journal of computational physics},
  volume={117},
  number={1},
  pages={1--19},
  year={1995},
  publisher={Elsevier}
}

@article{born1985quantentheorie,
  title={Zur quantentheorie der molekeln},
  author={Born, Max and Heisenberg, W},
  journal={Original Scientific Papers Wissenschaftliche Originalarbeiten},
  pages={216--246},
  year={1985},
  publisher={Springer}
}

@article{feynman1939forces,
  title={Forces in molecules},
  author={Feynman, Richard Phillips},
  journal={Physical review},
  volume={56},
  number={4},
  pages={340},
  year={1939},
  publisher={APS}
}

@article{hut1995building,
  title={Building a better leapfrog},
  author={Hut, Piet and Makino, Jun and McMillan, Steve},
  journal={The Astrophysical Journal},
  volume={443},
  pages={L93--L96},
  year={1995}
}

@article{gear1967numerical,
  title={The numerical integration of ordinary differential equations},
  author={Gear, Charles William},
  journal={Mathematics of Computation},
  volume={21},
  number={98},
  pages={146--156},
  year={1967}
}

@article{berendsen1995gromacs,
  title={GROMACS: A message-passing parallel molecular dynamics implementation},
  author={Berendsen, Herman JC and van der Spoel, David and van Drunen, Rudi},
  journal={Computer physics communications},
  volume={91},
  number={1-3},
  pages={43--56},
  year={1995},
  publisher={Elsevier}
}

@article{phillips2005scalable,
  title={Scalable molecular dynamics with NAMD},
  author={Phillips, James C and Braun, Rosemary and Wang, Wei and Gumbart, James and Tajkhorshid, Emad and Villa, Elizabeth and Chipot, Christophe and Skeel, Robert D and Kale, Laxmikant and Schulten, Klaus},
  journal={Journal of computational chemistry},
  volume={26},
  number={16},
  pages={1781--1802},
  year={2005},
  publisher={Wiley Online Library}
}

@article{pearlman1995amber,
  title={AMBER, a package of computer programs for applying molecular mechanics, normal mode analysis, molecular dynamics and free energy calculations to simulate the structural and energetic properties of molecules},
  author={Pearlman, David A and Case, David A and Caldwell, James W and Ross, Wilson S and Cheatham III, Thomas E and DeBolt, Steve and Ferguson, David and Seibel, George and Kollman, Peter},
  journal={Computer Physics Communications},
  volume={91},
  number={1-3},
  pages={1--41},
  year={1995},
  publisher={Elsevier}
}

@article{brooks1983charmm,
  title={CHARMM: a program for macromolecular energy, minimization, and dynamics calculations},
  author={Brooks, Bernard R and Bruccoleri, Robert E and Olafson, Barry D and States, David J and Swaminathan, S a and Karplus, Martin},
  journal={Journal of computational chemistry},
  volume={4},
  number={2},
  pages={187--217},
  year={1983},
  publisher={Wiley Online Library}
}

@inproceedings{hong2009analytical,
  title={An analytical model for a GPU architecture with memory-level and thread-level parallelism awareness},
  author={Hong, Sunpyo and Kim, Hyesoon},
  booktitle={Proceedings of the 36th annual international symposium on Computer architecture},
  pages={152--163},
  year={2009}
}

@inproceedings{kuznetsov2019porting,
  title={Porting CUDA-based molecular dynamics algorithms to AMD ROCm platform using hip framework: performance analysis},
  author={Kuznetsov, Evgeny and Stegailov, Vladimir},
  booktitle={Supercomputing: 5th Russian Supercomputing Days, RuSCDays 2019, Moscow, Russia, September 23--24, 2019, Revised Selected Papers 5},
  pages={121--130},
  year={2019},
  organization={Springer}
}

@article{chrysos2014intel,
  title={Intel{\textregistered} xeon phiâ„¢ coprocessor-the architecture},
  author={Chrysos, George},
  journal={Intel Whitepaper},
  volume={176},
  number={2014},
  pages={43--50},
  year={2014}
}

@article{bik2002automatic,
  title={Automatic intra-register vectorization for the Intel{\textregistered} architecture},
  author={Bik, Aart JC and Girkar, Milind and Grey, Paul M and Tian, Xinmin},
  journal={International Journal of Parallel Programming},
  volume={30},
  pages={65--98},
  year={2002},
  publisher={Springer}
}

@article{lim2018implementation,
  title={An implementation of matrix--matrix multiplication on the Intel KNL processor with AVX-512},
  author={Lim, Roktaek and Lee, Yeongha and Kim, Raehyun and Choi, Jaeyoung},
  journal={Cluster Computing},
  volume={21},
  pages={1785--1795},
  year={2018},
  publisher={Springer}
}

@article{cornea2015intel,
  title={Intel AVX-512 instructions and their use in the implementation of math functions},
  author={Cornea, Marius},
  journal={Intel Corporation},
  pages={1--20},
  year={2015}
}

@article{graham1982gprof,
  title={Gprof: A call graph execution profiler},
  author={Graham, Susan L and Kessler, Peter B and McKusick, Marshall K},
  journal={ACM Sigplan Notices},
  volume={17},
  number={6},
  pages={120--126},
  year={1982},
  publisher={ACM New York, NY, USA}
}

@inproceedings{dong2016implementing,
  title={Implementing molecular dynamics simulation on Sunway TaihuLight system},
  author={Dong, Wenqian and Kang, Letian and Quan, Zhe and Li, Kenli and Li, Keqin and Hao, Ziyu and Xie, Xiang-Hui},
  booktitle={2016 IEEE 18th international conference on high performance computing and communications; IEEE 14th international conference on smart city; IEEE 2nd international conference on data science and systems (HPCC/SmartCity/DSS)},
  pages={443--450},
  year={2016},
  organization={IEEE}
}

@inproceedings{duan2018redesigning,
  title={Redesigning LAMMPS for peta-scale and hundred-billion-atom simulation on Sunway TaihuLight},
  author={Duan, Xiaohui and Gao, Ping and Zhang, Tingjian and Zhang, Meng and Liu, Weiguo and Zhang, Wusheng and Xue, Wei and Fu, Haohuan and Gan, Lin and Chen, Dexun and others},
  booktitle={SC18: International conference for high performance computing, networking, storage and analysis},
  pages={148--159},
  year={2018},
  organization={IEEE}
}

@article{meng2016hybrid,
  title={Hybrid Implementation and Optimization of OpenFOAM on the SW26010 Many-core Processor},
  author={Meng, Delong and Wen, Minhua and Wei, Jianwen and Lin, James},
  journal={HPC China},
  year={2016}
}

@inproceedings{amdahl1967validity,
  title={Validity of the single processor approach to achieving large scale computing capabilities},
  author={Amdahl, Gene M},
  booktitle={Proceedings of the April 18-20, 1967, spring joint computer conference},
  pages={483--485},
  year={1967}
}

@article{gustafson1988reevaluating,
  title={Reevaluating Amdahl's law},
  author={Gustafson, John L},
  journal={Communications of the ACM},
  volume={31},
  number={5},
  pages={532--533},
  year={1988},
  publisher={ACM New York, NY, USA}
}